@article{HASSANALY2022110853,
title = {Adversarial sampling of unknown and high-dimensional conditional distributions},
journal = {Journal of Computational Physics},
volume = {450},
pages = {110853},
year = {2022},
issn = {0021-9991},
doi = {https://doi.org/10.1016/j.jcp.2021.110853},
url = {https://www.sciencedirect.com/science/article/pii/S0021999121007488},
author = {Malik Hassanaly and Andrew Glaws and Karen Stengel and Ryan N. King},
keywords = {High-dimensional sampling, Generative adversarial networks, Deep learning, Deconvolution, Turbulence},
}
